<?xml version="1.0" encoding="UTF-8"?>
<collection xmlns="http://www.loc.gov/MARC21/slim">
    <record>
        <leader>00000nz  a2200169   4500</leader>
        <controlfield tag="001">30004542</controlfield>
        <controlfield tag="003">RISM</controlfield>
        <controlfield tag="005">20160216</controlfield>
        <controlfield tag="008">160216n||az|||||||##########||||||||||||</controlfield>
        <datafield tag="040" ind1=" " ind2=" ">
            <subfield code="a">SRB-Ba</subfield>
        </datafield>
        <datafield tag="043" ind1=" " ind2=" ">
            <subfield code="c">XA-YU</subfield>
        </datafield>
        <datafield tag="110" ind1="2" ind2=" ">
            <subfield code="a">Srpska Akademija nauka i umetnosti (SANiU), Centralna Biblioteka/Arhiv</subfield>
            <subfield code="c">Beograd</subfield>
            <subfield code="g">SRB-Ba</subfield>
        </datafield>
        <datafield tag="410" ind1="2" ind2=" ">
            <subfield code="a">Serbien Academy of Sciences and Arts, Central Library/Archive</subfield>
        </datafield>
        <datafield tag="622" ind1=" " ind2=" ">
            <subfield code="e">Srpska Akademija nauka i umetnosti,  (SANiU), Centralna Biblioteka/Arhiv, Knez Mihajlova 35, 11000  Beograd, Serbia</subfield>
        </datafield>
    </record>