
    <record>
        <leader>00000nz  a2200169   4500</leader>
        <controlfield tag="001">30004543</controlfield>
        <controlfield tag="003">RISM</controlfield>
        <controlfield tag="005">20160216</controlfield>
        <controlfield tag="008">160216n||az|||||||##########||||||||||||</controlfield>
        <datafield tag="040" ind1=" " ind2=" ">
            <subfield code="a">SRB-Bm</subfield>
        </datafield>
        <datafield tag="043" ind1=" " ind2=" ">
            <subfield code="c">XA-YU</subfield>
        </datafield>
        <datafield tag="110" ind1="2" ind2=" ">
            <subfield code="a">Muzej srpske pravoslavne crkve</subfield>
            <subfield code="c">Beograd</subfield>
            <subfield code="g">SRB-Bm</subfield>
        </datafield>
        <datafield tag="410" ind1="2" ind2=" ">
            <subfield code="a">Museum of the Serbian Orthodox Church</subfield>
        </datafield>
        <datafield tag="622" ind1=" " ind2=" ">
            <subfield code="e">Muzej srpske pravoslavne crkve, 7. jula 5, 11000 Beograd, Serbia</subfield>
        </datafield>
    </record>