
    <record>
        <leader>00000nz  a2200169   4500</leader>
        <controlfield tag="001">30004545</controlfield>
        <controlfield tag="003">RISM</controlfield>
        <controlfield tag="005">20160216</controlfield>
        <controlfield tag="008">160216n||az|||||||##########||||||||||||</controlfield>
        <datafield tag="040" ind1=" " ind2=" ">
            <subfield code="a">SRB-Bmi</subfield>
        </datafield>
        <datafield tag="043" ind1=" " ind2=" ">
            <subfield code="c">XA-YU</subfield>
        </datafield>
        <datafield tag="110" ind1="2" ind2=" ">
            <subfield code="a">Muzikološki institut Srpske akademije nauka i umetnosti</subfield>
            <subfield code="c">Beograd</subfield>
            <subfield code="g">SRB-Bmi</subfield>
        </datafield>
        <datafield tag="410" ind1="2" ind2=" ">
            <subfield code="a">Musicological Institute of the Serbian Academy of Sciences and Arts</subfield>
        </datafield>
        <datafield tag="622" ind1=" " ind2=" ">
            <subfield code="e">Muzikološki institut Srpske akademije,  nauka i umetnosti, Knez Mihajlova 35/II, 11000 Beograd, Serbia</subfield>
        </datafield>
    </record>