
    <record>
        <leader>00000nz  a2200169   4500</leader>
        <controlfield tag="001">30004557</controlfield>
        <controlfield tag="003">RISM</controlfield>
        <controlfield tag="005">20160216</controlfield>
        <controlfield tag="008">160216n||az|||||||##########||||||||||||</controlfield>
        <datafield tag="040" ind1=" " ind2=" ">
            <subfield code="a">SRB-NSm</subfield>
        </datafield>
        <datafield tag="043" ind1=" " ind2=" ">
            <subfield code="c">XA-YU</subfield>
        </datafield>
        <datafield tag="110" ind1="2" ind2=" ">
            <subfield code="a">Biblioteka Matice srpske</subfield>
            <subfield code="c">Novi Sad</subfield>
            <subfield code="g">SRB-NSm</subfield>
        </datafield>
        <datafield tag="410" ind1="2" ind2=" ">
            <subfield code="a">Library of the Matica Srpska</subfield>
        </datafield>
        <datafield tag="622" ind1=" " ind2=" ">
            <subfield code="e">Biblioteka Matice srpske, Matice srpske 1, 21000 Novi Sad, Serbia</subfield>
        </datafield>
    </record>
</collection>

